@online
{
  gitpopularity,
  author = {Ford, Rebecca},
  title  = {Eclipse Community Survey 2014 Results},
  date   = {2014-06},
  url    = {https://ianskerrett.wordpress.com/2014/06/23/eclipse-community-survey-2014-results/}
}

@online
{
	gitpowersgithub,
	author = {Finley, Klint},
	title = {What exactly is Github anyway?},
	date = {2014-07},
	url = {http://techcrunch.com/2012/07/14/what-exactly-is-github-anyway/}
}

@online
{
	gitinspector,
	author = {Waldenberg, Adam},
	title = {gitinspector: The statistical analysis tool for git repositories},
	date = {2014-01},
	url = {https://code.google.com/p/gitinspector/}
}

@online 
{
	gitintro,
	author= {Goines, Bryan},
	title= {git-scm.com},
	date = {2013-11},
	url = {https://git-scm.com}
}

@online 
{
	gitbestpractices,
	author = {Robertson, Seth},
	title = {Commit Often, Perfect Later, Publish Once: Git Best Practices},
	date = {2012-02},
	url = {http://sethrobertson.github.io/GitBestPractices/}
}

@online 
{
	modeldrivenengineering,
	author = {Douglas C. Schmidt},
	title = {Model-Driven Engineering},
	date = {2006-02},
	url = {http://ftp.icm.edu.pl/packages/ace/ACE/PDF/GEI.pdf}
}

@online 
{
	gitcomplex,
	author = {Pavel Shved},
	title = {Why Git is treated as so complex?},
	date = {2010-05},
	url = {http://coldattic.info/shvedsky/pro/blogs/a-foo-walks-into-a-bar/posts/35}
}

@online 
{
	githard,
	author = {Daniel Eklund},
	title = {Why the Heck is Git so Hard?},
	date = {2014-02},
	url = {http://merrigrove.blogspot.co.uk/2014/02/why-heck-is-git-so-hard-places-model-ok.html}
}

@online 
{
	gitmixedmetaphors,
	author = {Jeffrey Ventrella},
	title = {GIT: a Nightmare of Mixed Metaphors},
	date = {2013-01},
	url = {https://ventrellathing.wordpress.com/2013/01/25/git-a-nightmare-of-mixed-metaphors}
}

@online
{
	joeltest,
	author = {Joel Spolsky},
	title = {The Joel Test: 12 Steps to Better Code},
	date = {2000-08},
	url = {http://www.joelonsoftware.com/articles/fog0000000043.html}
}

@online
{
	erlanggitcommitmessages,
	author = {Ted Dziuba},
	title = {Writing good commit messages},
	date = {2012-07},
	url = {https://github.com/erlang/otp/wiki/Writing-good-commit-messages}
}

@online 
{
	epsilonhomepage,
	author = {Eclipse Foundation},
	title = {Epsilon},
	date = {2015-02},
	url = {http://www.eclipse.org/epsilon/}
}

@book 
{
	versioncontrolwithgit,
	title = {Version Control with Git: Powerful Tools and Techniques for Collaborative Software Development},
	author = {Jon Loeliger and Matthew McCullough},
	publisher = {O'Reilly},
	year = {2012}
}

@book
{
	progit,
	title = {Pro Git},
	author = {Scott Chacon and Ben Straub},
	publisher = {Apress},
	year = {2014}
}

@proceeding
{
  whydistributed,
  title = {Why are software projects moving from centralized to decentralized version control systems?},
  booktitle = {ICSE Workshop on Cooperative and Human Aspects on Software Engineering, 2009. CHASE '09.},
  series = {Lecture Notes in Computer Science},
  publisher = {IEEE},
  address = {Vancouver, BC},
  year = {2009}
}

