@online
{
  gitpopularity,
  author = {Ford, Rebecca},
  title  = {Eclipse Community Survey 2014 Results},
  date   = {2014-06},
  url    = {https://ianskerrett.wordpress.com/2014/06/23/eclipse-community-survey-2014-results/}
}

@online
{
	gitpowersgithub,
	author = {Finley, Klint},
	title = {What exactly is Github anyway?},
	date = {2014-07},
	url = {http://techcrunch.com/2012/07/14/what-exactly-is-github-anyway/}
}

@online
{
	gitinspector,
	author = {Waldenberg, Adam},
	title = {gitinspector: The statistical analysis tool for git repositories},
	date = {2014-01},
	url = {https://code.google.com/p/gitinspector/}
}
